%% Created using Papers on Fri, 15 Mar 2013.
%% http://mekentosj.com/papers/

@article{Zhang:1993gn,
author = {Zhang, Yin and Tapia, Richard A},
title = {{A superlinearly convergent polynomial primal-dual interior-point algorithm for linear programming}},
journal = {SIAM Journal on Optimization},
year = {1993},
volume = {3},
number = {1},
pages = {118--133}
}

@article{Gondzio:GG3E7TNc,
author = {Gondzio, Jacek},
title = {{Convergence Analysis of an Inexact Feasible Interior Point Method for Convex Quadratic Programming }},
journal = {Optimization Online},
year = {2012},
month = jul
}

@article{Vandenbussche:2005ey,
author = {Vandenbussche, Dieter and Nemhauser, George L},
title = {{A branch-and-cut algorithm for nonconvex quadratic programs with box constraints}},
journal = {Mathematical Programming},
year = {2005},
volume = {102},
number = {3},
pages = {559--575},
month = jan
}

@article{Zhang:1998jb,
author = {Zhang, Yin},
title = {{Solving large-scale linear programs by interior-point methods under the Matlab Environment}},
journal = {Optimization Methods and Software},
year = {1998},
volume = {10},
number = {1},
pages = {1--31},
month = jan
}

@article{Jeyakumar:2007ci,
author = {Jeyakumar, Vaithilingam and Wu, Zhi-You},
title = {{Conditions for global optimality of quadratic minimization problems with LMI constraints}},
journal = {Asia-Pacific Journal of Operational Research},
year = {2007},
volume = {24},
number = {2},
pages = {149--160}
}

@book{Liberti:2011fh,
author = {Liberti, Leo and Masson, Beno{\^\i}t and Lee, Jon and Lavor, Carlile and Mucherino, Antonio},
editor = {Hutchison, David and Kanade, Takeo and Kittler, Josef and Kleinberg, Jon M and Mattern, Friedemann and Mitchell, John C and Naor, Moni and Nierstrasz, Oscar and Pandu Rangan, C and Steffen, Bernhard and Sudan, Madhu and Terzopoulos, Demetri and Tygar, Doug and Vardi, Moshe Y and Weikum, Gerhard and Wang, Weifan and Zhu, Xuding and Du, Ding-Zhu},
title = {{Lecture Notes in Computer Science}},
publisher = {Springer Berlin Heidelberg},
year = {2011},
volume = {6831},
series = {DavidHutchisonTakeoKanadeJosefKittlerJon M.KleinbergFriedemannMatternJohn C.MitchellMoniNaorOscarNierstraszC.Pandu RanganBernhardSteffenMadhuSudanDemetriTerzopoulosDougTygarMoshe Y.VardiGerhardWeikumLecture Notes in Computer Science0302-97431611-3349},
address = {Berlin, Heidelberg},
edition = {Springer Berlin / Heidelberg}
}

@article{Armand:2011fy,
author = {Armand, Paul and Benoist, Jo{\"e}l},
title = {{Uniform boundedness of the inverse of a Jacobian matrix arising in regularized interior-point methods}},
journal = {Mathematical Programming},
year = {2011},
month = nov
}

@article{Domich:1991cp,
author = {Domich, Paul D and Boggs, Paul T and Rogers, Janet E and Witzgall, Christoph},
title = {{Optimizing over three-dimensional subspaces in an interior-point method for linear programming}},
journal = {Linear Algebra and its Applications},
year = {1991},
volume = {152},
pages = {315--342},
month = jul
}

@article{Ghidini:2012id,
author = {Ghidini, Carla T L S and Oliveira, Aurelio Ribeiro Leite and Silva, Jair and Velazco, Marta I},
title = {{Combining a hybrid preconditioner and a optimal adjustment algorithm to accelerate the convergence of interior point methods}},
journal = {Linear Algebra and its Applications},
year = {2012},
volume = {436},
number = {5},
pages = {1267--1284},
month = mar
}

@article{Potra:2004cp,
author = {Potra, Florian A},
title = {{A superlinearly convergent predictor-corrector method for degenerate LCP in a wide neighborhood of the central path with $\mathcal{O}(\sqtr{n}L)$-iteration complexity}},
journal = {Mathematical Programming},
year = {2004},
volume = {100},
number = {2},
pages = {317--337},
month = jun
}

@article{Potra:2008ho,
author = {Potra, Florian A},
title = {{Corrector--predictor methods for monotone linear complementarity problems in a wide neighborhood of the central path}},
journal = {Mathematical Programming},
year = {2008},
volume = {111},
number = {1},
pages = {243--272},
month = jan
}

@article{Vanderbei:1999jf,
author = {Vanderbei, Robert J},
title = {{LOQO:an interior point code for quadratic programming}},
journal = {Optimization Methods and Software},
year = {1999},
volume = {11},
number = {1-4},
pages = {451--484},
month = jan
}

@article{Anstreicher:2009ki,
author = {Anstreicher, Kurt M},
title = {{Semidefinite programming versus the reformulation-linearization technique for nonconvex quadratically constrained quadratic programming}},
journal = {Journal of Global Optimization},
year = {2009},
volume = {43},
number = {2},
pages = {471--484},
month = jan
}

@article{Andreani:2007bn,
author = {Andreani, Roberto and Birgin, Ernesto Giulian and Mart{\'\i}nez, Jos{\'e} Mario and Schuverdt, Mar{\'\i}a Laura},
title = {{On augmented Lagrangian methods with general lower-level constraints}},
journal = {SIAM Journal on Optimization},
year = {2007},
volume = {18},
number = {4},
pages = {1286--1309}
}

@article{Andreani:2008dz,
author = {Andreani, Roberto and Mart{\'\i}nez, Jos{\'e} Mario and Mart{\'\i}nez, Leandro and Yano, Fl{\'a}vio},
title = {{Continuous optimization methods for structure alignments}},
journal = {Mathematical Programming},
year = {2008},
volume = {112},
number = {1},
pages = {93--124}
}

@article{BCO06,
author = {Bocanegra, Silvana and Campos, Frederico F and Oliveira, Aurelio Ribeiro Leite},
title = {{Using a Hybrid Preconditioner for Solving Large-Scale Linear Systems arising from Interior Point Methods}},
journal = {Computational Optimization and Applications},
year = {2007},
volume = {36},
number = {2-3},
pages = {149--164},
annote = {Special issue on ``Linear Algebra Issues arising in Interior Point Methods''}
}

@article{Domingues:2007de,
author = {Domingues, Margarete O and Gomes, S{\^o}nia and Roussel, Olivier and Schneider, Kai},
title = {{An adaptive multiresolution scheme with local time stepping for evolutionary PDEs}},
journal = {Journal of Computational Physics},
year = {2007},
volume = {227},
number = {8},
pages = {3758--3780}
}

@article{Lavor:2007ht,
author = {Lavor, Carlile},
title = {{Analytic evaluation of the gradient and Hessian of molecular potential energy functions}},
journal = {Physica D: Nonlinear Phenomena},
year = {2007},
volume = {227},
number = {2},
pages = {135--141},
month = mar
}

@inproceedings{Peixoto:2008je,
author = {Peixoto, Magda Silva and Barros, La{\'e}cio Carvalho and Bassanezi, Rodney Carlos},
title = {{A model of Cellular Automata for the spatial and temporal analysis of Citrus Sudden Death with the fuzzy parameter}},
booktitle = {Ecological Modelling},
year = {2008},
pages = {45--52},
organization = {Univ Fed Sao Carlos, BR-18043970 Sorocaba, SP, Brazil}
}

@article{Tygel:2007bc,
author = {Tygel, Martin and Ursin, Bjo̸rn and Stovas, Alexey},
title = {{Convergence of traveltime power series for a layered VTI medium}},
journal = {Geophysics},
year = {2007},
volume = {72},
pages = {21--21}
}

@article{Wei:2007cp,
author = {Wei, Musheng and Mart{\'\i}nez, Ana Gabriela and De Pierro, {\'A}lvaro},
title = {{Detection of edges from spectral data: New results}},
journal = {Applied and Computational Harmonic Analysis},
year = {2007},
volume = {22},
number = {3},
pages = {386--393}
}

@article{Pitelli:2007gp,
author = {Pitelli, Jo{\~a}o Paulo and Letelier, Patricio},
title = {{Quantum singularities in space-times with spherical and cylindrical topological defects}},
journal = {Journal of Mathematical Physics},
year = {2007},
volume = {48},
number = {9},
pages = {92501}
}

@article{Bielschowsky:2009cg,
author = {Bielschowsky, Roberto H and Gomes, Francisco A M},
title = {{Dynamic control of infeasibility in equality constrained optimization}},
journal = {SIAM Journal on Optimization},
year = {2009},
volume = {19},
number = {3}
}

@article{Colombo:2008ia,
author = {Colombo, Marco and Gondzio, Jacek},
title = {{Further development of multiple centrality correctors for interior point methods}},
journal = {Computational Optimization and Applications},
year = {2008},
volume = {41},
number = {3},
pages = {277--305}
}

@article{Cartis:2009jq,
author = {Cartis, Coralia},
title = {{Some disadvantages of a Mehrotra-type primal-dual corrector interior point algorithm for linear programming}},
journal = {Applied Numerical Mathematics},
year = {2009},
volume = {59},
number = {5},
pages = {1110--1119},
month = may
}

@article{Jarre:1999tl,
author = {Jarre, Florian and Wechs, Martin},
title = {{Extending Mehrotra's corrector for linear programs}},
journal = {Advanced Modeling and Optimization},
year = {1999},
volume = {1},
number = {2},
pages = {38--60}
}

@article{Dedieu:2005up,
author = {Dedieu, Jean-Pierre and Malajovich, Gregorio and Shub, Mike},
title = {{On the curvature of the central path of linear programming theory}},
journal = {Foundations of Computational Mathematics￼},
year = {2005},
volume = {5},
number = {2},
pages = {145--171}
}

@article{Gondzio:1997fl,
author = {Gondzio, Jacek},
title = {{Presolve analysis of linear programs prior to applying an interior point method}},
journal = {INFORMS Journal on Computing},
year = {1997},
volume = {9},
number = {1},
pages = {73--91}
}

@phdthesis{Villas-Boas:2000,
author = {Villas-B{\^o}as, Fernando Rocha},
title = {{Escolha adiada do par{\^a}metro de penaliza{\c c}{\~a}o e do tamanho de passo em algoritmos de Pontos Interiores }},
school = {IMECC/Unicamp},
year = {2000},
address = {Campinas}
}

@phdthesis{Oliveira:1997te,
author = {Oliveira, Aurelio Ribeiro Leite},
title = {{A New Class of Preconditioners for Large-Scale Linear Systems from Interior Point Methods for Linear Programming}},
school = {Rice University},
year = {1997}
}

@phdthesis{Colombo:2008wm,
author = {Colombo, Marco},
title = {{Advances in Interior Point Methods for Large-Scale Linear Programming}},
school = {University of Edinburgh},
year = {2008},
address = {Edinburgh}
}

@article{VillasBoas:2003tg,
author = {Villas-B{\^o}as, Fernando Rocha and Perin, Cl{\'o}vis},
title = {{Postponing the choice of penalty parameter and step length}},
journal = {Computational Optimization and Applications},
year = {2003},
volume = {24},
number = {1},
pages = {63--81}
}

@article{Mehrotra:1992wr,
author = {Mehrotra, Sanjay},
title = {{On the Implementation of a Primal-Dual Interior Point Method}},
journal = {SIAM Journal on Optimization},
year = {1992},
volume = {2},
number = {4},
pages = {575--601}
}

@article{Burer:2009jo,
author = {Burer, Samuel and Vandenbussche, Dieter},
title = {{Globally solving box-constrained nonconvex quadratic programs with semidefinite-based finite branch-and-bound}},
journal = {Computational Optimization and Applications},
year = {2009},
volume = {43},
number = {2},
pages = {181--195},
month = jan
}

@article{Gondzio:1996uw,
author = {Gondzio, Jacek},
title = {{Multiple centrality corrections in a primal-dual method for linear programming}},
journal = {Computational Optimization and Applications},
year = {1996},
volume = {6},
number = {2},
pages = {137--156}
}

@article{Krantz:2007vt,
author = {Krantz, Steven G},
title = {{How to Write Your First Paper}},
journal = {Notices of the AMS},
year = {2007},
volume = {54},
number = {11},
pages = {1507--1511}
}

@article{Santos:2009wt,
author = {Santos, Luiz-Rafael and Bassanezi, Rodney Carlos},
title = {{Sistemas P-fuzzy Unidimiensionais com Condi{\c c}{\~a}o Ambiental}},
journal = {Biomatem{\'a}tica},
year = {2009},
volume = {19},
number = {1},
pages = {11--24}
}

@article{Nazareth:1986jg,
author = {Nazareth, John Lawrence},
title = {{Homotopy techniques in linear programming}},
journal = {Algorithmica},
year = {1986},
volume = {1},
number = {1-4},
pages = {529--535}
}

@article{Peixoto:2007vf,
author = {Peixoto, Magda Silva and Barros, La{\'e}cio Carvalho and Bassanezi, Rodney Carlos},
title = {{Uma Abordagem Fuzzy para um Modelo Presa-predador Acoplado ao Parasitismo}},
journal = {TEMA Tend{\^e}ncias em Matem{\'a}tica Aplicada e Computacional},
year = {2007},
volume = {8},
number = {1},
pages = {119--128}
}

@inproceedings{Peixoto:2008p2406,
author = {Peixoto, Magda Silva and Barros, La{\'e}cio Carvalho and Bassanezi, Rodney Carlos},
title = {{Predator-prey fuzzy model}},
booktitle = {Ecological Modelling},
year = {2008},
pages = {39--44},
organization = {Univ Fed Sao Carlos, BR-18043970 Sorocaba, SP, Brazil}
}

@article{Saether:2000vz,
author = {S{\ae}ther, Bernt-Erik and Tufto, J and Engen, S and Jerstad, K and R{\o}stad, OW},
title = {{Population Dynamical Consequences of Climate Change for a Small Temperate Songbird}},
journal = {Science},
year = {2000},
volume = {287},
number = {5454},
pages = {854--856}
}

@book{Shisha:1972wc,
author = {Shisha, Oved},
editor = {Shisha, Oved},
title = {{Inequalities III: Proceedings of the Third Symposium on Inequalities}},
publisher = {Academic Press},
year = {1972},
series = {Held at the University of California, Los Angeles, Calif., September 1--9, 1969; dedicated to the memory of Theodore S. Motzkin},
address = {New York}
}

@article{Solberg:1999vg,
author = {Solberg, Erling and S{\ae}ther, Bernt-Erik and Strand, Olav and Loison, Anne},
title = {{Dynamics of a Harvested Moose Population in a Variable Environment}},
journal = {Journal of Animal Ecology},
year = {1999},
volume = {68},
number = {1},
pages = {186--204}
}

@article{Bellman:1970vu,
author = {Bellman, Richard and Zadeh, Lofti A},
title = {{Decision-making in a fuzzy environment}},
journal = {Management science},
year = {1970},
volume = {17},
number = {4},
pages = {B141--B164}
}

@article{Botton:2000ux,
author = {Botton, M and Nakano, O and Kovaleski, A},
title = {{Controle qu{\'\i}mico da lagarta-enroladeira Bonagota cranaodes (Meyrick) na {\ldots}}},
journal = {Pesq. agropec. bras},
year = {2000},
volume = {35},
number = {11},
pages = {2139--2144}
}

@mastersthesis{Dias-EDOCampDirParCon:06,
author = {Dias, Marina Ribeiro Barros},
title = {{Equa{\c c}{\~o}es diferenciais ordin{\'a}rias com campo de dire{\c c}{\~o}es parcialmente conhecido}},
school = {IMECC/Unicamp},
year = {2006},
address = {Campinas}
}

@book{Bassanezi+Ferreira-EquaDifeapli:88,
author = {Bassanezi, Rodney Carlos and Ferreira Jr, Wilson Castro},
title = {{Equa{\c c}{\~o}es Diferenciais com aplica{\c c}{\~o}es}},
year = {1988}
}

@book{Edelstein-Keshe-MathModeBiol:05,
author = {Edelstein-Keshet, Leah},
title = {{Mathematical Models in Biology}},
publisher = {SIAM},
year = {2005},
series = {Classics in Applied Mathematics},
address = {Philadelphia, PA},
edition = {1},
month = feb
}

@article{Goh:1974wi,
author = {Goh, Bean San and Leitmann, George and Vincent, Thomas L},
title = {{Optimal control of a prey-predator system}},
journal = {Mathematical Biosciences},
year = {1974},
volume = {19},
number = {3-4},
pages = {263--286},
month = apr
}

@book{Goh-ManaAnalBiolPopu:80,
author = {Goh, Bean San},
title = {{Management and analysis of biological populations}},
year = {1980},
address = {New York}
}

@article{Zimmermann-Applfuzztheomath:85,
author = {Zimmermann, Hans-J{\"u}rgen},
title = {{Applications of fuzzy set theory to mathematical programming}},
journal = {Information Sciences},
year = {1985},
volume = {36},
number = {1-2},
pages = {29--58},
month = jul
}

@book{Kosko-FuzzyThinking:93,
author = {Kosko, B},
title = {{Fuzzy Thinking: The New Science of Fuzzy Logic}},
year = {1993},
address = {New York}
}

@book{Pedrycz+Gomide-AnIntroFuzzySet:98,
author = {Pedrycz, Wiltord and Gomide, Fernando},
title = {{An introduction to Fuzzy Sets: analysis and design}},
year = {1998},
address = {USA}
}

@article{Jonzen+etal-IrredUncerDemoEnvirEcol:02,
author = {Joz{\'e}n, Niclas and Lundberg, Per and Ranta, Esa and Kaitala, Veijo},
title = {{The irreducible uncertainty of the demography-environment interaction in ecology}},
journal = {Proceedings of the Royal Society B: Biological Sciences},
year = {2002},
volume = {269},
number = {1488},
pages = {221--225},
month = feb
}

@article{Filev+Angelov-Fuzzopticont:92,
author = {Filev, Dimiter and Angelov, Plamen},
title = {{Fuzzy optimal control}},
journal = {Fuzzy Sets and Systems},
year = {1992},
volume = {47},
number = {2},
pages = {151--156},
month = apr
}

@book{Daghlian-LogAlgebBoole:08,
author = {Daghlian, J},
title = {{L{\'o}gica e {\'A}lgebra de Boole}},
year = {2008},
address = {S\~ao Paulo}
}

@article{Macedo+etal-OcorrJoaCitrSaoPaulo:03,
author = {Macedo, L P M and Garcia, J F and Primiano, Eduardo Luiz Vescove},
title = {{Ocorr{\^e}ncia de joaninhas (Coleoptera: Coccinellidae) em citros no Estado de S{\~a}o Paulo}},
journal = {Revista Coopercitrus},
year = {2003},
volume = {205},
pages = {21--32}
}

@article{Laakso+Veijo+Ranta,
author = {Laakso, J and Kaitala, Veijo and Ranta, Esa},
title = {{Population dynamic consequences of adaptive growth rate in fluctuating environment}},
journal = {Ecological Modelling},
year = {2006},
volume = {194},
pages = {132--140},
month = mar
}

@phdthesis{Mizukoshi-EstSisDinFuz:04,
author = {Mizukoshi, Marina},
title = {{Estabilidade de sistemas {\^a}micos fuzzy}},
school = {IMECC/Unicamp},
year = {2004},
address = {Campinas}
}

@phdthesis{Silva-AnalEstaSistDina:05,
author = {Mendes Silva, Jo{\~a}o de Deus},
title = {{An{\'a}lise de Estabilidade de Sistemas Din{\^a}micos p-Fuzzy com Aplica{\c c}{\~o}es em Biomatem{\'a}tica.}},
school = {IMECC/Unicamp},
year = {2005},
address = {Campinas}
}

@book{Simoes+Shaw-ContrModeFuzzy:99,
author = {Sim{\~o}es, M G and Shaw, I S},
title = {{Controle e Modelagem Fuzzy}},
year = {1999}
}

@book{Murray-MathBiol:02,
author = {Murray, James},
title = {{Mathematical Biology I}},
year = {2002},
volume = {1}
}

@book{Barros+Bassanezi-Topilogifuzzbiom:06,
author = {Barros, La{\'e}cio Carvalho and Bassanezi, Rodney Carlos},
title = {{T{\'o}picos de l{\'o}gica fuzzy e biomatem{\'a}tica}},
publisher = {IMECC},
year = {2006},
address = {Campinas},
edition = {1}
}

@article{Zadeh-FuzzSets:65,
author = {Zadeh, Lofti A},
title = {{Fuzzy sets}},
journal = {Information and Control},
year = {1965},
volume = {8},
pages = {338--353}
}

@book{Clark-MathBioe:90,
author = {Clark, Colin W},
title = {{Mathematical Bioeconomics: The Optimal Management of Renewable Resources}},
publisher = {Wiley-Blackwell},
year = {1990},
series = {Pure and Applied Mathematics: A Wiley Series of Texts, Monographs and Tracts},
edition = {2},
month = apr
}

@book{Pinch-OptiContCalcVari:93,
author = {Pinch, E R},
title = {{Optimal Control and the Calculus of Variations}},
year = {1993},
address = {New York, USA}
}

@book{Pontryagin+BoltyanskiiETAL-MathTheoOptiProc:62,
author = {Pontryagin, Lev and Boltyanskii, V G and Gamkrelidze, R and Mishchenko, E},
title = {{The Mathematical Theory of Optimal Processes}},
year = {1962},
address = {New York}
}

@article{Berezansky:2006td,
author = {Berezansky, L and Idels, L},
title = {{Population Models With Delay in Dynamic Environment}},
journal = {arXiv.org},
year = {2006},
volume = {math.DS},
month = jan
}

@book{Kirk-OptiContTheo:70,
author = {Kirk, D E},
title = {{Optimal Control Theory: An Introduction}},
year = {1970},
month = apr
}

@phdthesis{Barros-SoSisDinFuz:97,
author = {Barros, La{\'e}cio Carvalho},
title = {{Sobre sistemas din{\^a}micos fuzzy - teoria e aplica{\c c}{\~o}es}},
school = {IMECC/Unicamp},
year = {1997},
address = {Campinas}
}

@book{Hocking-OptiCont:91,
author = {Hocking, L M},
title = {{Optimal Control: An Introduction to the Theory with Applications}},
year = {1991}
}

@phdthesis{Peixoto-SistDinaCont:05,
author = {Peixoto, Magda Silva},
title = {{Sistemas Din{\^a}micos e Controladores Fuzzy: Um Estudo da Dispers{\~a}o da Morte S{\'u}bita dos Citros em S{\~a}o Paulo}},
school = {IMECC/Unicamp},
year = {2005},
address = {Campinas}
}

@book{Elsgoltz-DiffEquaCalcVari:70,
author = {Elsgoltz, L},
title = {{Differential Equation and the Calculus of Variations}},
year = {1970},
address = {Moscow}
}

@book{Gallo+etal-ManEnt:70,
author = {Gallo, D and Nakano, O and Wiendl, F M and Neto, S S and Carvalho, R},
title = {{Manual de Entomologia: pragas das plantas e seu controle}},
year = {1970},
address = {S\~ao Paulo}
}

@mastersthesis{Cecconelo-Modealteparapopu:06,
author = {Cecconelo, Mois{\'e}is},
title = {{Modelagem alternativa para din{\^a}mica populacional: Sistemas Din{\^a}micos Fuzzy}},
school = {IMECC/Unicamp},
year = {2006},
address = {Campinas}
}

@book{Hans+Little-Matlab6:06,
author = {Hanselman, D and Littlefield, B},
title = {{MATLAB 6: curso completo}},
year = {2003},
address = {S\~ao Paulo}
}

@phdthesis{Costa-ContDetetratquim:93,
author = {Costa, Michel Iskin da Silveira},
title = {{Controle Determin{\'\i}stico de tratamentos quimioter{\'a}picos}},
school = {IMECC/Unicamp},
year = {1993},
address = {Campinas},
month = dec
}

@phdthesis{Pedroso:2009uc,
author = {Pedroso, Lucas Garcia},
title = {{Programa{\c c}{\~a}o n{\~a}o linear sem derivadas}},
school = {IMECC/Unicamp},
year = {2009},
address = {Campinas-SP},
month = aug
}

@book{Weber+Klein-AplicLogFuzzy:03,
author = {Weber, L and Klein, P A T},
title = {{Aplica{\c c}{\~a}o da l{\'o}gica fuzzy em software e hardware}},
year = {2003}
}

@article{Peixoto+Barros+Bassa-ContFuzzBio:05,
author = {Peixoto, Magda Silva and Barros, La{\'e}cio Carvalho and Bassanezi, Rodney Carlos},
title = {{Controle Fuzzy de Biocida na Morte S{\'u}bita de Citros}},
journal = {Biomatem{\'a}tica},
year = {2005},
volume = {15},
pages = {67--76}
}

@article{Levin-PopuDynaModeHete:76,
author = {Levin, S A},
title = {{Population Dynamic Models in Heterogeneous Environments}},
journal = {Annual Review of Ecology and Systematics},
year = {1976},
volume = {7},
pages = {287--310}
}

@book{Golub:1996wp,
author = {Golub, Gene Howard and Van Loan, Charles F},
title = {{Matrix computations}},
publisher = {The Johns Hopkins University Press},
year = {1996},
series = {Johns Hopkins Studies in the Mathematical Sciences},
address = {Baltimore},
edition = {3},
month = oct
}

@article{Gonring+etal-SelInsUtiCon:99,
author = {Gonring, Alfredo H R and Pican{\c c}o, Marcelo and Moura, Marcelo F and Bacci, Leandro and Bruckner, Cl{\'a}udio H},
title = {{Seletividade de Inseticidas, utilizados no Controle de Grapholita molesta (Busch) (Lepidoptera: Olethreutidae) em p{\^e}ssego, a Vespidae predadores}},
journal = {An. Soc. Entomol. Bras.},
year = {1999},
volume = {28},
number = {2},
pages = {301--306},
month = jun
}

@article{Monteiro:1990vn,
author = {Monteiro, Renato D C and Adler, Ilan and Resende, Mauricio G C},
title = {{A polynomial-time primal-dual affine scaling algorithm for linear and convex quadratic programming and its power series extension}},
journal = {Mathematics of Operations Research},
year = {1990},
volume = {15},
number = {2},
pages = {191--214}
}

@article{DIKIN:InterativeSol1967,
author = {Dikin, Ilya I},
title = {{Iterative solution of problems of linear and quadratic programming}},
journal = {Soviet Mathematics Doklady},
year = {1967},
volume = {8},
number = {3},
pages = {674--675}
}

@article{VegasJr:2003te,
author = {Viegas J{\'u}nior, Cl{\'a}udio},
title = {{Terpenos com atividade inseticida: uma alternativa para o controle qu{\'\i}mico de insetos}},
journal = {Qu{\'\i}mica Nova},
year = {2003},
volume = {26},
number = {3}
}

@article{Salahi:2007um,
author = {Salahi, Maziar and Terlaky, Tam{\'a}s},
title = {{Postponing the choice of the barrier parameter in Mehrotra-type predictor-corrector algorithms}},
journal = {European Journal of Operational Research},
year = {2007},
volume = {182},
number = {2},
pages = {502--513}
}

@article{Colombo:2009wa,
author = {Colombo, Marco and Grothey, Andreas and Hogg, Jonathan and Woodsend, Kristian and Gondzio, Jacek},
title = {{A structure-conveying modelling language for mathematical and stochastic programming}},
journal = {Mathematical Programming Computation},
year = {2009},
volume = {1},
number = {4},
pages = {223--247}
}

@article{Colombo:2011wn,
author = {Colombo, Marco and Gondzio, Jacek and Grothey, Andreas},
title = {{A warm-start approach for large-scale stochastic linear programs}},
journal = {Mathematical Programming},
year = {2011},
volume = {127},
number = {2},
pages = {371--397}
}

@article{Freund:2006dd,
author = {Freund, Roland W and Jarre, Florian and Vogelbusch, Christoph H},
title = {{Nonlinear semidefinite programming: sensitivity, convergence, and an application in passive reduced-order modeling}},
journal = {Mathematical Programming},
year = {2006},
volume = {109},
number = {2-3},
pages = {581--611},
month = sep
}

@article{Martinez:1998ue,
author = {Mart{\'\i}nez, Jos{\'e} Mario and Santos, L{\'u}cio Tunes},
title = {{New theoretical results on recursive quadratic programming algorithms}},
journal = {Journal of Optimization Theory and Applications},
year = {1998},
volume = {97},
number = {2},
pages = {435--454}
}

@article{DinizEhrhardt:2011cl,
author = {Diniz-Ehrhardt, Maria Aparecida and Mart{\'\i}nez, Jos{\'e} Mario and Pedroso, Lucas Garcia},
title = {{Derivative-free methods for nonlinear programming with general lower-level constraints}},
journal = {Computational \{\&} Applied Mathematics},
year = {2011},
volume = {30},
number = {1},
pages = {19--52}
}

@article{Gavrilova:1996fn,
author = {Gavrilova, Marina and Gavrilov, Dimitri and Rokne, Jon},
title = {{New algorithms for the exact computation of the sign of algebraic expressions}},
journal = {Electrical and Computer Engineering, 1996. Canadian Conference on},
year = {1996},
volume = {1},
pages = {314--317 vol.1}
}

@article{Ng:1993uz,
author = {Ng, Esmond G and Peyton, Barry W},
title = {{Block sparse Cholesky algorithms on advanced uniprocessor computers}},
journal = {SIAM Journal on Scientific Computing},
year = {1993},
volume = {14},
number = {5},
pages = {1034--1056}
}

@article{Stojkovic:2001vi,
author = {Stojkovi{\'c}, Neboj{\v s}a and Stanimirovi{\'c}, Pedrag S},
title = {{Initial point in primal-dual interior point method}},
journal = {Facta Universitatis. Series:  Automatic Control and Robotics},
year = {2001},
volume = {3},
number = {11},
pages = {210--222}
}

@article{Tse:2008wu,
author = {Tse, M and Choi, Kim C Y and Leung, Rincy S W},
title = {{E-health for older people: the use of technology in health promotion}},
journal = {CyberPsychology {\&} Behavior},
year = {2008}
}

@article{Fujisawa:2007wh,
author = {Fujisawa, Katsuki and Nakata, Kazuhide and Yamashita, Makoto and Fukuda, Mituhiro},
title = {{SDPA Project: Solving large-scale semidefinite programs}},
journal = {Journal of the Operations Research Society of Japan},
year = {2007},
volume = {50},
number = {4},
pages = {278--298},
month = dec
}

@article{Moore:2005ty,
author = {Moore, G},
title = {{On-line communities: helping ``senior surfers'' find health information on the web}},
journal = {Journal of Gerontological Nursing},
year = {2005}
}

@article{Ferreira:2008kq,
author = {Ferreira, Orizon Pereira and Oliveira, P R and Silva, R C M},
title = {{On the convergence of the entropy-exponential penalty trajectories and generalized proximal point methods in semidefinite optimization}},
journal = {Journal of Global Optimization},
year = {2008},
volume = {45},
number = {2},
pages = {211--227},
month = oct
}

@article{ElGhami:2009kv,
author = {El Ghami, M and Ivanov, I and Melissen, J B M and Roos, Cornelius and Steihaug, T},
title = {{A polynomial-time algorithm for linear optimization based on a new class of kernel functions}},
journal = {Journal of Computational and Applied Mathematics},
year = {2009},
volume = {224},
number = {2},
pages = {500--513}
}

@article{Gondzio:2010bh,
author = {Gondzio, Jacek},
title = {{Matrix-Free Interior Point Method}},
journal = {Computational Optimization and Applications},
year = {2010}
}

@article{Czyzyk:1999hk,
author = {Czyzyk, Joseph and Mehrotra, Sanjay and Wagner, Michael and Wright, Stephen J},
title = {{PCx: an interior-point code for linear programming}},
journal = {Optimization Methods and Software},
year = {1999},
volume = {11},
number = {1},
pages = {397--430}
}

@article{Mizuno:1995cl,
author = {Mizuno, Shinji and Todd, Michael J and Ye, Yinyu},
title = {{A Surface of Analytic Centers and Primal-Dual Infeasible-Interior-Point Algorithms for Linear Programming}},
journal = {Mathematics of Operations Research},
year = {1995},
volume = {20},
number = {1},
pages = {135--162},
month = feb
}

@book{Bazaraa:2009uu,
author = {Bazaraa, Mokhtar S and Jarvis, John J and Sherali, Hanif D},
title = {{Linear Programming and Network Flows}},
publisher = {Wiley},
year = {2009},
address = {New York},
edition = {4},
month = dec
}

@book{Vanderbei:2008vp,
author = {Vanderbei, Robert J},
title = {{Linear programming: foundations and extensions}},
publisher = {Springer-Verlag},
year = {2007},
series = {International Series in Operations Research and Management Science},
address = {New York},
edition = {3}
}

@mastersthesis{Probst:2006ul,
author = {Probst, Roy Wilhelm},
title = {{M{\'e}todos de Pontos Interiores Aplicados ao Problema dePr{\'e}edespacho de um Sistema Hidrot{\'e}rmico}},
school = {IMECC/Unicamp},
year = {2006},
address = {Campinas}
}

@article{Dantzig:2002td,
author = {Dantzig, George B},
title = {{Linear programming}},
journal = {Operations Research},
year = {2002},
volume = {50},
number = {1},
pages = {42--47}
}

@article{Adler:1989fw,
author = {Adler, Ilan and Resende, Mauricio G C and Veiga, Geraldo and Karmarkar, Narendra},
title = {{An implementation of Karmarkar's algorithm for linear programming}},
journal = {Mathematical Programming},
year = {1989},
volume = {44},
number = {1-3},
pages = {297--335}
}

@webpage{Potra:2003tz,
author = {Potra, Florian A},
title = {{Interior Point Methods}},
year = {2003},
month = sep,
url = {http://www.math.umbc.edu/~potra/talk0930.pdf}
}

@article{Potra:2000ig,
author = {Potra, Florian A and Wright, Stephen J},
title = {{Interior-point methods}},
journal = {Journal of Computational and Applied Mathematics},
year = {2000},
volume = {124},
number = {1--2},
pages = {281--302},
month = nov
}

@article{Lavor:2011gn,
author = {Lavor, Carlile and Liberti, Leo and Maculan, Nelson and Mucherino, Antonio},
title = {{The discretizable molecular distance geometry problem}},
journal = {Computational Optimization and Applications},
year = {2011},
pages = {1--32}
}

@article{Bixby:1992cl,
author = {Bixby, Robert E},
title = {{Implementing the simplex method: The initial basis}},
journal = {INFORMS Journal on Computing},
year = {1992},
volume = {4},
number = {3},
pages = {267--284},
month = jul
}

@article{Shamir:1987th,
author = {Shamir, Ron},
title = {{The Efficiency of the Simplex Method: A Survey}},
journal = {Management science},
year = {1987},
volume = {33},
number = {3},
pages = {301--334},
month = mar,
annote = {pg 317: Klle and Minty were the first to demonstrate that the Simplex method can have exponential complexity}
}

@article{Bland:1981vn,
author = {Bland, Robert G and Goldfarb, Donald and Todd, Michael J},
title = {{The ellipsoid method: A survey}},
journal = {Operations Research},
year = {1981},
volume = {29},
number = {6},
pages = {1039--1091}
}

@book{Nesterov:2003wi,
author = {Nesterov, Yurii},
title = {{Introductory Lectures on Convex Optimization: a basic course}},
publisher = { Kluwer Academic Publishers},
year = {2003},
series = {Applied Optimization},
address = {Boston},
edition = {1},
month = dec
}

@article{Hall:2005vw,
author = {Hall, Julian A J and McKinnon, Ken I M},
title = {{Hyper-sparsity in the revised simplex method and how to exploit it}},
journal = {Computational Optimization and Applications},
year = {2005},
volume = {32},
number = {3},
pages = {259--283}
}

@article{Mehrotra:2005do,
author = {Mehrotra, Sanjay and Li, Zhifeng},
title = {{Convergence Conditions and Krylov Subspace--Based Corrections for Primal-Dual Interior-Point Method}},
journal = {SIAM Journal on Optimization},
year = {2005},
volume = {15},
number = {3},
pages = {635--653}
}

@article{Guler:1995tn,
author = {G{\"u}ler, Osman and Roos, Cornelius and Terlaky, Tam{\'a}s and Vial, Jean-Philipe},
title = {{A survey of the implications of the behavior of the central path for the duality theory of linear programming}},
journal = {Management science},
year = {1995},
volume = {41},
number = {12},
pages = {1992--1934},
month = may
}

@article{Gonzaga:1992uj,
author = {Gonzaga, Cl{\'o}vis C},
title = {{Path-Following Methods for Linear Programming}},
journal = {Siam Review},
year = {1992},
volume = {34},
number = {2},
pages = {167--224}
}

@article{Dolan:2002du,
author = {Dolan, Elisabeth D and Mor{\'e}, Jorge J},
title = {{Benchmarking optimization software with performance profiles}},
journal = {Mathematical Programming},
year = {2002},
volume = {91},
number = {2},
pages = {201--213}
}

@article{Vavasis:1996bw,
author = {Vavasis, Stephen A and Ye, Yinyu},
title = {{A primal-dual interior point method whose running time depends only on the constraint matrix}},
journal = {Mathematical Programming},
year = {1996},
volume = {74},
number = {1},
pages = {79--120},
month = jul
}

@article{Monteiro:1989go,
author = {Monteiro, Renato D C and Adler, Ilan},
title = {{Interior path following primal-dual algorithms. Part I: Linear programming}},
journal = {Mathematical Programming},
year = {1989},
volume = {44},
pages = {27--41}
}

@article{Kojima:1989fw,
author = {Kojima, Masakazu and Mizuno, Shinji and Yoshise, Akiko},
title = {{A polynomial-time algorithm for a class of linear complementarity problems}},
journal = {Mathematical Programming},
year = {1989},
volume = {44},
pages = {1--26}
}

@article{Ye:1994gq,
author = {Ye, Yinyu and Todd, Michael J and Mizuno, Shinji},
title = {{An $\mathcal{O}(\sqrt{n}l)$-iteration homogeneous and self-dual linear programming algorithm}},
journal = {Mathematics of Operations Research},
year = {1994},
volume = {19},
number = {1},
pages = {53--67},
month = feb
}

@article{Kojima:1993fe,
author = {Kojima, Masakazu and Megiddo, Nimrod and Mizuno, Shinji},
title = {{A primal-dual infeasible-interior-point algorithm for linear programming}},
journal = {Mathematical Programming},
year = {1993},
volume = {61},
number = {3},
pages = {263--280}
}

@article{Jansen:1jv,
author = {Jansen, Benjamin and Roos, Cornelius and Terlaky, Tam{\'a}s},
title = {{A family of polynomial affine scaling algorithms for positive semidefinite linear complementarity problems}},
journal = {SIAM Journal on Optimization},
year = {1997},
volume = {7},
number = {1},
pages = {126--140}
}

@article{Zhang:2006ic,
author = {Zhang, Yin},
title = {{On the convergence of a class of infeasible interior-point methods for the horizontal linear complementarity problem}},
journal = {SIAM Journal on Optimization},
year = {1994},
volume = {4},
number = {1},
pages = {208--227}
}

@article{Gondzio:1998bz,
author = {Gondzio, Jacek},
title = {{Warm start of the primal-dual method applied in the cutting-plane scheme}},
journal = {Mathematical Programming},
year = {1998},
volume = {83},
pages = {125--143}
}

@article{Kleniati:2010fe,
author = {Kleniati, Polyxeni-Margarita and Parpas, Panos and Rustem, Ber{\c c}},
title = {{Partitioning procedure for polynomial optimization}},
journal = {Journal of Global Optimization},
year = {2010},
volume = {48},
number = {4},
pages = {549--567},
month = feb
}

@article{Higham:1997ei,
author = {Higham, Nicolas J},
title = {{Iterative refinement for linear systems and LAPACK}},
journal = {IMA Journal of Numerical Analysis},
year = {1997},
volume = {17},
number = {4},
pages = {495--509},
month = oct
}

@article{DApuzzo:2009ks,
author = {D'Apuzzo, Marco and Simone, Valentina and Serafino, Daniela},
title = {{Starting-point strategies for an infeasible potential reduction method}},
journal = {Optimization Letters},
year = {2009},
volume = {4},
number = {1},
pages = {131--146},
month = oct
}

@article{Bomze:1994co,
author = {Bomze, Immanuel M and Danninger, Gabriele},
title = {{A finite algorithm for solving general quadratic problems}},
journal = {Journal of Global Optimization},
year = {1994},
volume = {4},
number = {1},
pages = {1--16},
month = jan
}

@article{Coleman:1996kj,
author = {Coleman, Thomas F and Li, Yuying},
title = {{A Reflective Newton Method for Minimizing a Quadratic Function Subject to Bounds on Some of the Variables}},
journal = {SIAM Journal on Optimization},
year = {1996},
volume = {6},
number = {4},
pages = {1040}
}

@article{Gould:2001ur,
author = {Gould, Nicholas I M and Toint, Phillippe L},
title = {{A quadratic programming bibliography}},
journal = {Optimization Online},
year = {2001},
volume = {Nonlinear Optimization},
number = {Quadratic Programming},
pages = {139},
month = feb
}

@article{Byrd:1999il,
author = {Byrd, Richard H and Hribar, Mary E and Nocedal, Jorge},
title = {{An Interior Point Algorithm for Large-Scale Nonlinear Programming}},
journal = {SIAM Journal on Optimization},
year = {1999},
volume = {9},
number = {4},
pages = {877--900},
month = jan
}

@article{Gertz:2004cw,
author = {Gertz, E Michael and Nocedal, Jorge and Sartenar, A},
title = {{A starting point strategy for nonlinear interior methods}},
journal = {Applied Mathematics Letters},
year = {2004},
volume = {17},
number = {8},
pages = {945--952}
}

@inproceedings{VillasBoas:2012ur,
author = {Villas-B{\^o}as, Fernando Rocha and Oliveira, Aurelio Ribeiro Leite and Perin, Cl{\'o}vis and Santos, Luiz-Rafael},
title = {{Polynomial Inequality Systems in Neighborhoods of the Central Path}},
booktitle = {Proceedings of the 3rd IMA Conference on Numerical Linear Algebra and Optimisation},
year = {2012},
pages = {26},
organization = {IMA, University of Birmingham},
address = {Birminghan, UK},
month = sep
}

@inproceedings{Santos:2010wg,
author = {Santos, Luiz-Rafael and Villas-B{\^o}as, Fernando Rocha and Oliveira, Aurelio Ribeiro Leite and Perin, Cl{\'o}vis},
title = {{A Computational Experiment with Modified KKT Conditions for Bounded Linear Programs (LP) using Interior Point Methods}},
booktitle = {Proceedings of the 2010 CLAIO/ALIO-INFORMS International Meeting},
year = {2010},
pages = {114},
organization = {ALIO/INFORMS},
address = {Buenos Aires},
month = jun
}

@inproceedings{Santos:2011tr,
author = {Santos, Luiz-Rafael and Villas-B{\^o}as, Fernando Rocha and Oliveira, Aurelio Ribeiro Leite and Perin, Cl{\'o}vis},
title = {{On a Polynomial Merit Function for Interior Point Methods}},
booktitle = {Proceedings of the 19th Triennial Conference of the International Federation of Operational Research Societies},
year = {2011},
pages = {121},
organization = {IFORS},
address = {Melbourne, AUS},
month = jul
}

@inproceedings{Santos:2012th,
author = {Santos, Luiz-Rafael and Villas-B{\^o}as, Fernando Rocha and Oliveira, Aurelio Ribeiro Leite and Perin, Cl{\'o}vis},
title = {{A polynomial optimization subproblem in interior-point methods}},
booktitle = {Proceedings of the 21st International Symposium on Mathematical Programming},
year = {2012},
pages = {219},
organization = {Mathematical Optimization Society},
address = {Berlin},
month = aug
}

@article{Renegar:1988cr,
author = {Renegar, James},
title = {{A polynomial-time algorithm, based on Newton's method, for linear programming}},
journal = {Mathematical Programming},
year = {1988},
volume = {40},
number = {1, (Ser. A)},
pages = {59--93}
}

@techreport{Czyzyk:1998vw,
author = {Czyzyk, Joseph and Wright, Stephen J and Wagner, Michael and Mehrotra, Sanjay},
title = {{PCx User Guide: Supplement for PCxGUI}},
institution = {Mathematics and Computer Science Division, Aragonne  National Laboratory, US Departament of Energy},
year = {1997},
month = nov
}

@techreport{Aurelio:2007p439,
author = {Oliveira, Aurelio Ribeiro Leite},
title = {{Solu{\c c}{\~a}o Eficiente de Sistemas Lineares Originados de Problemas de Programa{\c c}{\~a}o Linear de Grande porte}},
institution = {IMECC/Unicamp},
year = {2007},
month = sep
}

@techreport{Braga+SousaSilva-Afideoscitrs:99,
author = {Braga, A and Sousa-Silva, C R},
title = {{Af{\'\i}deos de citros (Citrus sinensis) e seus predadores na regi{\~a}o de S{\~a}o Carlos-SP}},
institution = {Departamento de Ecologia e Biologia Evolutiva/Universidade Federal de S{\~a}o Carlos},
year = {1999}
}

@incollection{Klee:1972wi,
author = {Klee, Victor and Minty, George J},
title = {{How good is the simplex algorithm?}},
booktitle = {Inequalities III: Proceedings of the Third Symposium on Inequalities},
year = {1972},
editor = {Shisha, Oved},
pages = {159--175},
publisher = {Academic Press},
address = {New York}
}

@incollection{Resende:1993uu,
author = {Resende, Mauricio G C and Veiga, Geraldo},
title = {{An efficient implementation of a network interior point method}},
booktitle = {Network Flows and Matching: First DIMACS Implementation Challenge},
year = {1993},
pages = {299--348},
publisher = {American Mathematical Society},
annote = {DLNET, an implementation of the dual affine scaling algorithm for minimum cost capacitated network flow problems, is described and tested. The efficiency of this implementation is the result of three factors: the small number of iterations taken by interior point methods, efficient solution of the linear system that determines the ascent direction using a preconditioned conjugate gradient algorithm and strategies to produce an optimal primal integer solution.}
}

@article{Potra:2001hl,
author = {Potra, Florian A},
title = {{Q-superlinear convergence of the iterates in primal-dual interior-point methods}},
journal = {Mathematical Programming},
year = {2001},
volume = {91},
number = {1},
pages = {99--115},
month = jan
}

@article{Vandenberghe:1996te,
author = {Vandenberghe, Lieven and Boyd, Stephen},
title = {{Semidefinite Programming}},
journal = {Siam Review},
year = {1996},
volume = {38},
number = {1},
pages = {49--95},
month = mar
}

@phdthesis{Santos:2013tl,
author = {Santos, Luiz-Rafael},
title = {{Escolha Adiada de Par{\^a}metros em m{\'e}todos de pontos interiores para programa{\c c}{\~a}o linear}},
school = {IMECC/Unicamp},
year = {2013},
address = {Campinas-SP}
}

@article{Sekiguchi:2009ui,
author = {Sekiguchi, Yoshiyuki and Takenawa, Tomoyuki and Waki, Hayato},
title = {{Real ideal and the duality of semidefinite programming for polynomial optimization}},
journal = {arXiv.org},
year = {2009},
volume = {math.OC},
month = jan
}

@article{Suhl:1990de,
author = {Suhl, Uwe H and Suhl, Leena M},
title = {{Computing Sparse LU Factorizations for Large-Scale Linear Programming Bases}},
journal = {INFORMS Journal on Computing},
year = {1990},
volume = {2},
number = {4},
pages = {325--335},
month = jan
}

@article{Karmarkar:1984cp,
author = {Karmarkar, Narendra},
title = {{A new polynomial-time algorithm for linear programming}},
journal = {Combinatorica},
year = {1984},
volume = {4},
number = {4},
pages = {373--395}
}

@article{Li:2005kt,
author = {Li, Duan and Wu, Zhi-You and Joseph Lee, Heung-Wing and Yang, Xin-Min and Zhang, Lian-Sheng},
title = {{Hidden Convex Minimization}},
journal = {Journal of Global Optimization},
year = {2005},
volume = {31},
number = {2},
pages = {211--233},
month = feb
}

@article{Rubinov:2007fe,
author = {Rubinov, A M and Wu, Zhi-You},
title = {{Optimality conditions in global optimization and their applications}},
journal = {Mathematical Programming},
year = {2007},
volume = {120},
number = {1},
pages = {101--123},
month = jun
}

@inproceedings{Wu:2008tx,
author = {Wu, Zhi-You},
title = {{Global Optimality Conditions for Optimization Problems}},
booktitle = {The 7th International Symposium on Operations Research and Its Applications (ISORA'08)},
year = {2008},
pages = {377--384},
publisher = {US Patent Office},
month = nov
}

@book{putinar2010emerging,
author = {Putinar, Mihai and Sullivant, Seth},
title = {{Emerging Applications of Algebraic Geometry}},
publisher = {Springer},
year = {2010},
volume = {149},
series = {The Ima Volumes in Mathematics and Its Applications},
address = {New York},
edition = {1}
}

@article{Pardalos:1991ft,
author = {Pardalos, Panos M},
title = {{Global optimization algorithms for linearly constrained indefinite quadratic problems}},
journal = {Computers {\&} Mathematics with Applications},
year = {1991},
volume = {21},
number = {6--7},
pages = {87--97},
month = jan
}

@article{Hansen:1993js,
author = {Hansen, Pierre and Jaumard, Brigitte and Ruiz, Mich{\`e}Le and Xiong, Junjie},
title = {{Global minimization of indefinite quadratic functions subject to box constraints}},
journal = {Naval Research Logistics (NRL)},
year = {1993},
volume = {40},
number = {3},
pages = {373--392},
month = apr
}

@article{Gondzio:2011ta,
author = {Gondzio, Jacek},
title = {{Interior point methods 25 years later}},
journal = {European Journal of Operational Research},
year = {2012},
volume = {218},
number = {3},
pages = {587--601},
month = may
}

@article{Liberti:2012ut,
author = {Liberti, Leo and Lavor, Carlile and Maculan, Nelson and Mucherino, Antonio},
title = {{Euclidean distance geometry and applications}},
journal = {arXiv.org},
year = {2012},
volume = {q-bio.QM},
month = may,
annote = {64 pages, 21 figures}
}

@incollection{Levy:1984vw,
author = {Levy, Alejandro V and G{\'o}mez, Susana},
title = {{The tunneling method applied to global optimization}},
booktitle = {Numerical optimization, 1984 (Boulder, Colo., 1984)},
year = {1985},
editor = {Boogs, Paul T and Byrd, Richard H and Schnabel, Robert B},
pages = {213--244},
publisher = {SIAM},
address = {Boulder, Colorado},
month = jun
}

@article{Phong:1995ev,
author = {Phong, Thai Quynh and Hoai An, Le Thi and Tao, Pham Dinh},
title = {{Decomposition branch and bound method for globally solving linearly constrained indefinite quadratic minimization problems}},
journal = {Operations Research Letters},
year = {1995},
volume = {17},
number = {5},
pages = {215--220},
month = jun
}

@article{Muu:1991kt,
author = {Muu, L{\^e} D and Oettli, W},
title = {{An algorithm for indefinite quadratic programming with convex constraints}},
journal = {Operations Research Letters},
year = {1991},
volume = {10},
number = {6},
pages = {323--327},
month = aug
}

@article{Bunch:1980fm,
author = {Bunch, James R and Kaufman, Linda},
title = {{A computational method for the indefinite quadratic programming problem}},
journal = {Linear Algebra and its Applications},
year = {1980},
volume = {34},
pages = {341--370},
month = dec
}

@article{Liberti:2010fs,
author = {Liberti, Leo and Lavor, Carlile and Mucherino, Antonio and Maculan, Nelson},
title = {{Molecular distance geometry methods: from continuous to discrete}},
journal = {International Transactions in Operational Research},
year = {2010},
volume = {18},
number = {1},
pages = {33--51},
month = aug
}

@article{Chen:2012kn,
author = {Chen, Jieqiu and Burer, Samuel},
title = {{Globally solving nonconvex quadratic programming problems via completely positive programming}},
journal = {Mathematical Programming Computation},
year = {2012},
volume = {4},
number = {1},
pages = {33--52},
month = jan
}

@book{Schnabel:1985tc,
editor = {Schnabel, Robert B and Byrd, Richard H and Boogs, Paul T},
title = {{Numerical optimization, 1984 (Boulder, Colo., 1984)}},
publisher = {SIAM},
year = {1985},
address = {Philadelphia, PA},
month = jun
}

@article{Bayer:1989ud,
author = {Bayer, Dave A and Lagarias, Jeffrey C},
title = {{The Nonlinear Geometry of Linear Programming. II Legendre Transform Coordinates and Central Trajectories}},
journal = {Transactions of the American Mathematical Society},
year = {1989},
volume = {314},
number = {2},
pages = {527--581},
month = jan
}

@inproceedings{Santos:2006ut,
author = {Santos, Luiz-Rafael and Bassanezi, Rodney Carlos},
title = {{Controle {\'o}timo e controle fuzzy: uma compara{\c c}{\~a}o atrav{\'e}s de modelos biol{\'o}gicos}},
booktitle = {Anais do XXIX Congresso Nacional de Matem{\'a}tica Aplicada},
year = {2006},
organization = {SBMAC},
address = {Campinas, SP}
}

@article{Waki:2006fm,
author = {Waki, Hayato and Kim, Sunyoung and Kojima, Masakazu and Muramatsu, Masakazu},
title = {{Sums of Squares and Semidefinite Program Relaxations for Polynomial Optimization Problems with Structured Sparsity}},
journal = {SIAM Journal on Optimization},
year = {2006},
volume = {17},
number = {1},
pages = {218}
}

@article{Waki:2008ie,
author = {Waki, Hayato and Kim, Sunyoung and Kojima, Masakazu and Muramatsu, Masakazu and Sugimoto, Hiroshi},
title = {{Algorithm 883: SparsePOP---A Sparse Semidefinite Programming Relaxation of Polynomial Optimization Problems}},
journal = {ACM Transactions on Mathematical Software},
year = {2008},
volume = {35},
number = {2},
pages = {Art. 15, 13--13},
month = jul
}

@incollection{Liberti:2011fha,
author = {Liberti, Leo and Masson, Beno{\^\i}t and Lee, Jon and Lavor, Carlile and Mucherino, Antonio},
title = {{On the Number of Solutions of the Discretizable Molecular Distance Geometry Problem
}},
booktitle = {Combinatiorail Optimization and Applications},
year = {2011},
editor = {Wang, Weifan and Zhu, Xuding and Du, Ding-Zhu},
pages = {322--342},
publisher = {Springer Berlin / Heidelberg},
address = {Berlin, Heidelberg}
}

@book{Du:2011kh,
editor = {Du, Ding-Zhu and Zhu, Xuding and Wang, Weifan},
title = {{Combinatiorail Optimization and Applications}},
publisher = {Springer Berlin / Heidelberg},
year = {2011},
volume = {6831},
series = {Lecture Notes in Computer Science},
address = {Berlin, Heidelberg},
edition = {1}
}

@techreport{Salahi:2005vd,
author = {Salahi, Maziar and Peng, Jiming and Terlaky, Tam{\'a}s},
title = {{On Mehrotra-type predictor-corrector algorithms}},
institution = {McMaster University/Advanced Optimization Laboratory},
year = {2005},
number = {2005/4},
address = {Hamilton, Canada}
}

@article{Wright:1996kj,
author = {Wright, Stephen J and Zhang, Yin},
title = {{A superquadratic infeasible-interior-point method for linear complementarity problems}},
journal = {Mathematical Programming},
year = {1996},
volume = {73},
number = {3},
pages = {269--289},
month = jan
}

@incollection{Laurent:2010kp,
author = {Laurent, Monique},
title = {{Sums of squares, moment matrices and optimization over polynomials}},
booktitle = {Emerging Applications of Algebraic Geometry},
year = {2010},
editor = {Putinar, Mihai and Sullivant, Seth and Arnold, Douglas N and Santosa, Fadil},
pages = {157--270},
organization = {CWI, Kruislaan 413, SJ, Amsterdam 1098, The Netherlands},
publisher = {Springer},
address = {New York, NY},
annote = {10.1007/978-0-387-09686-5 _7

10.1007/978-0-387-09686-5 _7}
}

@article{Kojima:2004cv,
author = {Kojima, Masakazu and Kim, Sunyoung and Waki, Hayato},
title = {{Sparsity in sums of squares of polynomials}},
journal = {Mathematical Programming},
year = {2004},
volume = {103},
number = {1},
pages = {45--62},
month = dec
}

@article{Henrion:2003cy,
author = {Henrion, Didier and Lasserre, Jean-Bernard},
title = {{GloptiPoly: Global optimization over polynomials with Matlab and SeDuMi}},
journal = {ACM Transactions on Mathematical Software},
year = {2003},
volume = {29},
number = {2},
pages = {165--194},
month = jun
}

@article{Lasserre:2001fw,
author = {Lasserre, Jean-Bernard},
title = {{Global Optimization with Polynomials and the Problem of Moments}},
journal = {SIAM Journal on Optimization},
year = {2001},
volume = {11},
number = {3},
pages = {796}
}

@article{Guler:1993tq,
author = {G{\"u}ler, Osman},
title = {{Existence of Interior Points and Interior Paths in Nonlinear Monotone Complementarity Problems}},
journal = {Mathematics of Operations Research},
year = {1993},
volume = {18},
number = {1},
pages = {128--147},
month = feb
}

@article{Zhang:1994fz,
author = {Zhang, Yin and Zhang, Detong},
title = {{Superlinear convergence of infeasible-interior-point methods for linear programming}},
journal = {Mathematical Programming},
year = {1994},
volume = {66},
number = {1-3},
pages = {361--377},
month = aug
}

@article{Wright:1993je,
author = {Wright, Stephen J},
title = {{A path-following infeasible-interior-point algorithm for linear complementarity problems}},
journal = {Optimization Methods and Software},
year = {1993},
volume = {2},
number = {2},
pages = {79--106},
month = jan
}

@article{Korzak:2000fr,
author = {Korzak, Janos},
title = {{Convergence Analysis of Inexact Infeasible-Interior-Point Algorithms for Solving Linear Programming Problems}},
journal = {SIAM Journal on Optimization},
year = {2000},
volume = {11},
number = {1},
pages = {133--148}
}

@incollection{Sonnevend:1986ua,
author = {Sonnevend, Gy},
title = {{An ``analytical centre'' for polyhedrons and new classes of global algorithms for linear (smooth, convex) programming}},
booktitle = {System Modelling and Optimization: proceedings of the 12th IFIP Conference, Budapest, Hungary, September 2-6, 1985},
year = {1986},
editor = {Pr{\'e}kopa, A and Szelezs{\'a}an, J and Strazicky, B},
pages = {866--875},
organization = {Inst. of Mathematics E{\"o}tv{\"o}s University Dept. of Numerical Analysis Muzeum krt. 6-8 1088 Budapest Muzeum krt. 6-8 1088 Budapest},
publisher = {Springer-Verlag},
address = {Berlin/Heidelberg}
}

@book{Prekopa:1986vd,
author = {Pr{\'e}kopa, A and Szelezs{\'a}an, J and Strazicky, B},
title = {{System Modelling and Optimization: proceedings of the 12th IFIP Conference, Budapest, Hungary, September 2-6, 1985}},
publisher = {Springer-Verlag},
year = {1986},
volume = {84},
series = {Lecture Notes in Control and Information Sciences},
address = {Berlin}
}

@article{Pola:2000gl,
author = {Pola, C and Sagastiz{\'a}bal, C A},
title = {{Infeasible Predictor-Corrector Interior-Point Method Applied to Image Restoration in the Presence of Noise}},
journal = {Journal of Optimization Theory and Applications},
year = {2000},
volume = {104},
number = {3},
pages = {517--538},
month = jan
}

@article{Yamashita:2010vu,
author = {Yamashita, Makoto and Fujisawa, Katsuki and Nakata, Kazuhide and Nakata, Maho and Fukuda, Mituhiro and Kobayashi, Kazuhiro and Goto, Kazushige},
title = {{A high-performance software package for semidefinite programs: SDPA 7}},
journal = {Optimization Online},
year = {2010},
volume = {Linear, Cone and Semidefinite Programming},
number = {Semi-definite Programming},
month = jan
}

@article{Yajima:1998fb,
author = {Yajima, Yasutoshi and Fujie, Tetsuya},
title = {{A Polyhedral Approach for Nonconvex Quadratic Programming Problems with Box Constraints}},
journal = {Journal of Global Optimization},
year = {1998},
volume = {13},
number = {2},
pages = {151--170},
month = jan
}

@incollection{DeAngelis:1997vn,
author = {De Angelis, Pasquale L and Pardalos, Panos M and Toraldo, Gerardo},
title = {{Quadratic Programming with Box Contraints}},
booktitle = {Developments in Global Optimization},
year = {1997},
editor = {Bomze, Immanuel M and Csendes, Tibor and Horst, Reiner and Pardalos, Panos M},
pages = {73--93},
publisher = { Kluwer Academic Publishers},
address = {Dordrecht, The Netherlands}
}

@book{Fiacco:Nonlinear-programming::1968y,
author = {Fiacco, A V and McCormick, G P},
title = {{Nonlinear programming: sequential unconstrained minimization techniques}},
publisher = {John Willey {\&} Sons},
year = {1968},
address = {New York}
}

@book{Bomze:1997ui,
editor = {Bomze, Immanuel M and Csendes, Tibor and Horst, Reiner and Pardalos, Panos M},
title = {{Developments in Global Optimization}},
publisher = { Kluwer Academic Publishers},
year = {1997},
volume = {18},
series = {Nonconvex Optimization and Its Applications},
address = {Dordrecht, The Netherlands},
edition = {1}
}

@book{Nemhauser:Integer-and-combinatorial:1988s,
author = {Nemhauser, George L and Wolsey, Laurence A},
title = {{Integer and combinatorial optimization}},
publisher = {John Wiley {\&} Sons},
year = {1999},
series = {Integer and combinatorial optimization},
address = {New York}
}

@inproceedings{Argaez:2003:NII,
author = {Arg{\'a}ez, Miguel and Vel{\'a}zquez, Let{\'\i}cia},
title = {{A new infeasible interior-point algorithm for linear programming}},
booktitle = {TAPIA '03 Proceedings of the 2003 conference on Diversity in computing},
year = {2003},
pages = {12--14},
publisher = {ACM},
address = {New York, NY, USA}
}

@incollection{Tani:2011:ICH,
author = {Tani, Jia-wei and Chen, Jia and Liu, Qing-huai},
title = {{The Infeasible Combined Homotopy Method for a Class of Programming Problems}},
booktitle = {INFORMATION COMPUTING AND APPLICATIONS},
year = {2011},
editor = {Liu, Baoxiang and Chai, Chunlai},
pages = {758--764},
publisher = {Springer Berlin / Heidelberg},
address = {Berlin, Heidelberg}
}

@book{Terlaky:1996wh,
editor = {Terlaky, Tam{\'a}s},
title = {{Interior Point Methods of Mathematical Programming}},
publisher = {Springer},
year = {1996},
volume = {5},
series = {Applied Optimization},
edition = {1}
}

@book{Dantzig:Linear-Programming:1963t,
author = {Dantzig, George B},
title = {{Linear Programming and Extensions}},
publisher = {Princeton University Press},
year = {1963},
address = {Princeton, New Jersey},
edition = {1}
}

@incollection{Andersen:1996un,
author = {Andersen, Erling D and Gondzio, Jacek and M{\'e}sz{\'a}ros, Csaba and Xu, Xiaojie},
title = {{Implementation of interior point methods for large scale linear programming}},
booktitle = {Interior Point Methods of Mathematical Programming},
year = {1996},
editor = {Terlaky, Tam{\'a}s},
pages = {189--252},
publisher = {Springer}
}

@article{Khachiyan:A-polynomial-algorithm:1979y,
author = {Khachiyan, Lev G},
title = {{A polynomial algorithm in linear programming}},
journal = {Soviet Mathematics Doklady},
year = {1979},
volume = {20},
pages = {191--194}
}

@book{Schrijver:Theory-of-Linear:1986k,
author = {Schrijver, Alexander},
title = {{Theory of Linear and Integer Programming}},
publisher = {John Wiley {\&} Sons},
year = {1986},
address = {New York}
}

@article{Bayer:1989av,
author = {Bayer, Dave A and Lagarias, Jeffrey C},
title = {{The Nonlinear Geometry of Linear Programming. I Affine and Projective Scaling Trajectories}},
journal = {Transactions of the American Mathematical Society},
year = {1989},
volume = {314},
number = {2},
pages = {499--526},
month = aug
}

@inproceedings{Peixoto:2005tsa,
author = {Peixoto, Magda Silva and Barros, La{\'e}cio Carvalho and Bassanezi, Rodney Carlos},
title = {{A Predator--prey fuzzy model in citrus: aphids and ladybugs}},
booktitle = {4th Brazilian Sumposium on Mathematical and Computational Biology/ 1st Symposium on Mathematical and Compuational Biology},
year = {2005},
pages = {228--239--239},
address = {Rio de Janeiro}
}

@article{Henrion:2009eb,
author = {Henrion, Didier and Lasserre, Jean-Bernard and L{\"o}fberg, Johan},
title = {{GloptiPoly 3: moments, optimization and semidefinite programming}},
journal = {Optimization Methods and Software},
year = {2009},
volume = {24},
number = {4-5},
pages = {761--779}
}

@incollection{Dantzig:Maximization-of-a-linear:1951y,
author = {Dantzig, George B},
title = {{Maximization of a linear function of variables subject to linear inequalities}},
booktitle = {Activity Analysis of Production and Allocation: Proceedings of a Conference.},
year = {1951},
editor = {Koopmans, T C},
pages = {339--347},
publisher = {John Wiley {\&} Sons},
address = {New York}
}

@techreport{Frisch:The-logarithmic-potential:1955t,
author = {Frisch, K R},
title = {{The logarithmic potential method of convex programming}},
institution = {University Institute of Economics},
year = {1955},
address = {Oslo}
}

@article{Guler:1995wf,
author = {G{\"u}ler, Osman},
title = {{Generalized Linear Complementarity Problems}},
journal = {Mathematics of Operations Research},
year = {1995},
volume = {20},
number = {2},
pages = {441--448},
month = may
}

@unpublished{Xu:2012uw,
author = {Xu, Yinghong and Zhang, Lipu and Xu, Guanghui},
title = {{An adaptive updating full-Newton step interior-point algorithm with modified Newton direction}},
month = nov,
year = {2012}
}

@incollection{Meggido:Pathways-to-the-optimal:1988u,
author = {Megiddo, Nimrod},
title = {{Pathways to the optimal set in linear programming}},
booktitle = {Progress in Mathematical Programming Interior-point and related methods},
year = {1989},
editor = {Megiddo, Nimrod},
pages = {131--158},
publisher = {Springer-Verlag},
address = {New York}
}

@book{Anonymous:1988vy,
editor = {Megiddo, Nimrod},
title = {{Progress in Mathematical Programming Interior-point and related methods}},
publisher = {Springer-Verlag},
year = {1989},
address = {New York},
edition = {1}
}

@article{Pardalos:1991ce,
author = {Pardalos, Panos M and Vavasis, Stephen A},
title = {{Quadratic programming with one negative eigenvalue is NP-hard}},
journal = {Journal of Global Optimization},
year = {1991},
volume = {1},
number = {1},
pages = {15--22}
}

@book{Wright:Primal-dual-interior-point:1997h,
author = {Wright, Stephen J},
title = {{Primal-dual interior point methods}},
publisher = {SIAM},
year = {1997},
address = {Philadelphia, PA},
edition = {1}
}

@article{Lipu:2012cp,
author = {Lipu, Zhang and Yanqin, Bai and Yinghong, Xu},
title = {{A full-Newton step infeasible interior-point algorithm for monotone LCP based on a locally-kernel function}},
journal = {Numerical Algorithms},
year = {2012},
volume = {61},
number = {1},
pages = {57--81},
month = jan
}

@article{Kojima:1996hf,
author = {Kojima, Masakazu},
title = {{Basic lemmas in polynomial-time infeasible-interiorpoint methods for linear programs}},
journal = {Annals of Operations Research},
year = {1996},
volume = {62},
number = {1},
pages = {1--28},
month = dec
}

@article{Wright:1996bg,
author = {Wright, Stephen J},
title = {{A path-following interior-point algorithm for linear and quadratic problems}},
journal = {Annals of Operations Research},
year = {1996},
volume = {62},
number = {1},
pages = {103--130},
month = dec
}

@article{Zhang:1996it,
author = {Zhang, Detong and Zhang, Yin},
title = {{A Mehrotra-type predictor-corrector algorithm with polynomiality andQ-subquadratic convergence}},
journal = {Annals of Operations Research},
year = {1996},
volume = {62},
number = {1},
pages = {131--150},
month = dec
}

@book{Jansen:1997vy,
author = {Jansen, Benjamin},
editor = {Pardalos, Panos M and Hearn, Donald},
title = {{Interior Point Techniques in Optimization: Complementarity, Sensitivity and Algorithms}},
publisher = { Kluwer Academic Publishers},
year = {1997},
volume = {6},
series = {Applied Optimziation},
address = {Dordrecht},
edition = {1}
}

@article{Mizuno:1995eg,
author = {Mizuno, Shinji and Kojima, Masakazu and Todd, Michael J},
title = {{Infeasible-interior-point primal-dual potential-reduction algorithms for linear programming}},
journal = {SIAM Journal on Optimization},
year = {1995},
volume = {5},
number = {1},
pages = {52--67}
}

@article{Zhang:dc,
author = {Zhang, Lipu and Xu, Yinghong},
title = {{A full-Newton step interior-point algorithm based on modified Newton direction}},
journal = {Operations Research Letters},
volume = {39},
number = {5},
pages = {318--322}
}

@article{Roos:2006hv,
author = {Roos, Cornelius},
title = {{A Full-Newton Step O(n) Infeasible Interior-Point Algorithm for Linear Optimization}},
journal = {SIAM Journal on Optimization},
year = {2006},
volume = {16},
number = {4},
pages = {1110--1136},
month = jan
}

@article{Yildirim:2001gp,
author = {Yildirim, E Alper and Todd, Michael J},
title = {{Sensitivity analysis in linear programming and semidefinite programming using interior-point methods}},
journal = {Mathematical Programming},
year = {2001},
volume = {90},
number = {2, Ser. A},
pages = {229--261}
}

@article{Jafelice:2004it,
author = {Jafelice, Rosana Motta and Barros, La{\'e}cio Carvalho and Bassanezi, Rodney Carlos and Gomide, Fernando},
title = {{Fuzzy modeling in symptomatic HIV virus infected population}},
journal = {Bulletin of Mathematical Biology},
year = {2004},
volume = {66},
number = {6},
pages = {1597--1620}
}

@article{Gertz:2003ji,
author = {Gertz, E Michael and Wright, Stephen J},
title = {{Object-oriented software for quadratic programming}},
journal = {ACM Transactions on Mathematical Software},
year = {2003},
volume = {29},
number = {1},
pages = {58--81},
month = mar
}

@article{Deza:2006hm,
author = {Deza, Antoine and Nematollahi, Eissa and Peyghami, Reza and Terlaky, Tam{\'a}s},
title = {{The central path visits all the vertices of the Klee-Minty cube}},
journal = {Optimization Methods and Software},
year = {2006},
volume = {21},
number = {5},
pages = {851--865}
}

@incollection{Gondzio:1996:CVI,
author = {Gondzio, Jacek and Terlaky, Tam{\'a}s},
title = {{A computational view of interior point methods}},
booktitle = {Advances in linear and integer programming},
year = {1996},
editor = {Beasley, J E},
pages = {103--144},
publisher = {Oxford University Press, Inc.},
address = {Oxford, UK}
}

@article{Vandenbussche:2005fp,
author = {Vandenbussche, Dieter and Nemhauser, George L},
title = {{A polyhedral study of nonconvex quadratic programs with box constraints}},
journal = {Mathematical Programming},
year = {2005},
volume = {102},
number = {3},
pages = {531--557},
month = jan
}

@article{Stillwell:2001wp,
author = {Stillwell, John},
title = {{The story of the 120-cell}},
journal = {Notices of the American Mathematical Society},
year = {2001},
volume = {48},
number = {1},
pages = {17--24}
}

@article{Ye:1992ic,
author = {Ye, Yinyu},
title = {{On affine scaling algorithms for nonconvex quadratic programming}},
journal = {Mathematical Programming},
year = {1992},
volume = {56},
number = {1},
pages = {285--300},
month = jan
}

@article{Burer:2008gg,
author = {Burer, Samuel and Vandenbussche, Dieter},
title = {{A finite branch-and-bound algorithm for nonconvex quadratic programming via semidefinite relaxations}},
journal = {Mathematical Programming},
year = {2008},
volume = {113},
number = {2},
pages = {259--282},
month = jan
}

@article{Burer:2009gx,
author = {Burer, Samuel and Letchford, Adam N},
title = {{On Nonconvex Quadratic Programming with Box Constraints}},
journal = {SIAM Journal on Optimization},
year = {2009},
volume = {20},
number = {2},
pages = {1073--1089}
}

@article{Dang:2000hx,
author = {Dang, Chuangyin and Xu, Lei},
title = {{A Barrier Function Method for the Nonconvex Quadratic Programming Problem with Box Constraints}},
journal = {Journal of Global Optimization},
year = {2000},
volume = {18},
number = {2},
pages = {165--188}
}

@article{DeAngelis:2004dy,
author = {De Angelis, Pasquale L and Bomze, Immanuel M and Toraldo, Gerardo},
title = {{Ellipsoidal Approach to Box-Constrained Quadratic Problems}},
journal = {Journal of Global Optimization},
year = {2004},
volume = {28},
number = {1},
pages = {1--15},
month = jan
}

@book{Koopmans:1951uc,
editor = {Koopmans, T C},
title = {{Activity Analysis of Production and Allocation: Proceedings of a Conference.}},
publisher = {John Wiley {\&} Sons},
year = {1951},
series = {Proceedings of a Conference.},
address = {New York}
}

@inproceedings{Spadoni:2009ev,
author = {Spadoni, Massimo and Stefanini, Luciano},
title = {{Handling Box, Linear and Quadratic-Convex Constraints for Boundary Optimization with Differential Evolution Algorithms}},
booktitle = {Intelligent Systems Design and Applications, 2009. ISDA '09. Ninth International Conference on},
year = {2009},
pages = {7--12},
publisher = {IEEE}
}

@article{Zhang:1995fu,
author = {Zhang, Yin and Zhang, Detong},
title = {{On polynomiality of the Mehrotra-type predictor-corrector interior-point algorithms}},
journal = {Mathematical Programming},
year = {1995},
volume = {68},
number = {3, Ser. A},
pages = {303--318}
}

@article{Wright:1994jd,
author = {Wright, Stephen J},
title = {{An infeasible-interior-point algorithm for linear complementarity problems}},
journal = {Mathematical Programming},
year = {1994},
volume = {67},
number = {1-3},
pages = {29--51},
month = oct
}

@article{Potra:1994dy,
author = {Potra, Florian A},
title = {{A quadratically convergent predictor-corrector method for solving linear programs from infeasible starting points}},
journal = {Mathematical Programming},
year = {1994},
volume = {67},
number = {1-3},
pages = {383--406},
month = oct
}

@article{Peng:2002bh,
author = {Peng, Jiming and Roos, Cornelius and Terlaky, Tam{\'a}s},
title = {{A new class of polynomial primal--dual methods for linear and semidefinite optimization}},
journal = {European Journal of Operational Research},
year = {2002},
volume = {143},
number = {2},
pages = {234--256},
month = dec
}

@article{Jansen:1994cn,
author = {Jansen, Benjamin and Roos, Cornelius and Terlaky, Tam{\'a}s and Vial, Jean-Philipe},
title = {{Primal-dual algorithms for linear programming based on the logarithmic barrier method}},
journal = {Journal of Optimization Theory and Applications},
year = {1994},
volume = {83},
number = {1},
pages = {1--26},
month = oct
}

@article{Lustig:1992vr,
author = {Lustig, Irvin J and Marsten, Roy E and Shanno, David F},
title = {{On implementing Mehrotra's predictor--corrector interior-point method for linear programming}},
journal = {SIAM Journal on Optimization},
year = {1992},
volume = {2},
pages = {435}
}

@book{Horn:1985tf,
author = {Horn, Roger A and Johnson, Charles R},
title = {{Matrix Analysis}},
publisher = {Cambridge University Press},
year = {1985},
address = {Cambridge; New York},
edition = {1}
}

@article{Curtis:1972cp,
author = {Curtis, A R and Reid, J K},
title = {{On the Automatic Scaling of Matrices for Gaussian Elimination}},
journal = {IMA Journal of Applied Mathematics},
year = {1972},
volume = {10},
number = {1},
pages = {118--124}
}

@book{Fang:1993wu,
author = {Fang, Shu-Cherng and Puthenpura, Sarat},
title = {{Linear optimization and extensions}},
publisher = {Prentice Hall},
year = {1993},
series = {theory and algorithms},
address = {Englewood Cliffs, New Jersey}
}

@article{Steihaug:1983ue,
author = {Steihaug, T},
title = {{The conjugate gradient method and trust regions in large scale optimization}},
journal = {SIAM Journal on Numerical Analysis},
year = {1983},
volume = {20},
number = {3},
pages = {626--637},
month = jun
}

@book{Klir:1995uaa,
author = {Klir, George J and Yuan, Bo},
title = {{Fuzzy Sets and Fuzzy Logic: Theory and Applications}},
publisher = {Prentice Hall},
year = {1995},
edition = {1st},
month = may
}

@article{Murty:1987cy,
author = {Murty, Katta G and Kabadi, Santosh N},
title = {{Some NP-complete problems in quadratic and nonlinear programming}},
journal = {Mathematical Programming},
year = {1987},
volume = {39},
number = {2},
pages = {117--129},
month = jun
}

@article{Birgin:2012dn,
author = {Birgin, Ernesto Giulian and Gentil, Jan M},
title = {{Evaluating bound-constrained minimization software}},
journal = {Computational Optimization and Applications},
year = {2012},
month = feb
}

@article{Oliveira:2005co,
author = {Oliveira, Aurelio Ribeiro Leite and Sorensen, Danny C},
title = {{A new class of preconditioners for large-scale linear systems from interior point methods for linear programming}},
journal = {Linear Algebra and its Applications},
year = {2005},
volume = {394},
pages = {1--24}
}

